@book{arfken2013mathematical,
  title     = {Mathematical Methods for Physicists: A Comprehensive Guide},
  author    = {Arfken, G.B. and Arfken, G.B. and Weber, H.J. and Harris, F.E.},
  isbn      = {9780123846549},
  lccn      = {2012418308},
  url       = {https://books.google.com.eg/books?id=qLFo_Z-PoGIC},
  year      = {2013},
  publisher = {Elsevier Science}
}