@misc{El-Deeb_PEU-356_Assignments,
  author  = {El-Deeb, M.H.},
  license = {MIT},
  title   = {\href{https://github.com/mhdeeb/peu-356-latex}{PEU-356 Assignments}}
}